<record><leader>00000cas a22000007a 4500</leader><controlfield tag="001">23175078</controlfield><controlfield tag="008">910301d19361936nyuwr ne      0    0eng d</controlfield><datafield ind1=" " ind2=" " tag="010"><subfield code="a">sn 91066014 </subfield></datafield><datafield ind1=" " ind2=" " tag="040"><subfield code="a">NYS</subfield><subfield code="b">eng</subfield><subfield code="c">NYS</subfield><subfield code="d">OCLCQ</subfield></datafield><datafield ind1=" " ind2=" " tag="042"><subfield code="a">msc</subfield></datafield><datafield ind1="0" ind2=" " tag="130"><subfield code="a">Manlius news (Manlius, N.Y.)</subfield></datafield><datafield ind1="1" ind2="4" tag="245"><subfield code="a">The Manlius news.</subfield></datafield><datafield ind1=" " ind2=" " tag="260"><subfield code="a">Manlius, N.Y. :</subfield><subfield code="b">Arnold Millett,</subfield><subfield code="c">1936.</subfield></datafield><datafield ind1=" " ind2=" " tag="300"><subfield code="a">1 v.</subfield></datafield><datafield ind1=" " ind2=" " tag="310"><subfield code="a">Weekly</subfield></datafield><datafield ind1="0" ind2=" " tag="362"><subfield code="a">Vol. 1, no. 1 (Apr. 2, 1936).</subfield></datafield><datafield ind1=" " ind2="4" tag="651"><subfield code="a">Manlius (N.Y.)</subfield><subfield code="v">Newspapers.</subfield></datafield><datafield ind1=" " ind2=" " tag="752"><subfield code="a">United States</subfield><subfield code="b">New York</subfield><subfield code="c">Onondaga</subfield><subfield code="d">Manlius.</subfield></datafield><datafield ind1="0" ind2="0" tag="785"><subfield code="t">Manlius times (Manlius, N.Y. : 1936)</subfield><subfield code="w">(DLC)sn 91066015</subfield><subfield code="w">(OCoLC)23175184</subfield></datafield><datafield ind1="1" ind2=" " tag="029"><subfield code="a">AU@</subfield><subfield code="b">000025901886</subfield></datafield></record>